@book {brig96,
   author 		= {Elbert O. Brigham},
   publisher 	= {Oldenbourg},
   title 			= {Schnelle Fourier Transformation},
   edition 		= {6., korr. Auflage},
   year 			= {1995},
   ISBN 			= {3-486-23177-4},
   keywords 	= {Schnelle Fourier-Transformation,Fast Fourier transform,FFT},
   language 	= {dt.}
}

@book{Kamm02,
	author			= {Karl D. Kammeyer and Kristian Kroschel},
	title				= {Digitale Signalverarbeitung: Filterung und Spektralanalyse},
	edition			= {5., durchges. u. erg. Auflage},
	publisher		= {B. G. Teubner Verlag},
  address 		= {Stuttgart, D},
	year				= {2002},
	isbn				= {3-519-46122-6}
	}